@mastersthesis{holanda2011analise,
  title={An{\'a}lise da viabilidade econ{\^o}mica da energia el{\'e}trica gerada atrav{\'e}s das microalgas},
  author={Holanda, Laryssa Ramos de},
  year={2011},
  school={Universidade Federal de Pernambuco}
}