@book{lathi2006sinais,
  title={Sinais e sistemas lineares-2},
  author={Lathi, Bhagwandas Pannalal},
  year={2006},
  publisher={Bookman}
}