@book{weber2010internet,
  title={Internet of things},
  author={Weber, Rolf H and Weber, Romana},
  volume={12},
  year={2010},
  publisher={Springer}
}

@book{weber2010,
  title={Internet of things},
  author={Weber, Rolf H and Weber, Romana},
  volume={12},
  year={2010},
  publisher={Springer}
}